<?xml version="1.0" encoding="UTF-8"?><collection xmlns="http://www.loc.gov/MARC21/slim"><record><leader>00435nam--2200169-i-4500</leader><controlfield tag="001">000013501</controlfield><controlfield tag="002">20161230</controlfield><controlfield tag="005">20161230201030</controlfield><controlfield tag="008">060222s1000------------r-----000-0-rum-d</controlfield><datafield ind1=" " ind2=" " tag="040"><subfield code="a">IFIN-HH</subfield></datafield><datafield ind1=" " ind2=" " tag="041"><subfield code="a">rum</subfield></datafield><datafield ind1=" " ind2=" " tag="080"><subfield code="a">519.2:658</subfield></datafield><datafield ind1="1" ind2=" " tag="100"><subfield code="a">Barbatu, Gheorghe</subfield></datafield><datafield ind1="1" ind2="0" tag="245"><subfield code="a">Cercetarea operationala in intreprinderile industriale</subfield></datafield><datafield ind1=" " ind2=" " tag="260"><subfield code="a">Bucuresti, Ed.Tehnica, 1981. 192 P</subfield></datafield><datafield ind1=" " ind2=" " tag="852"><subfield code="a">48847</subfield></datafield><datafield ind1=" " ind2=" " tag="CAT"><subfield code="a">Sys</subfield><subfield code="c">20100607</subfield><subfield code="h">145039</subfield></datafield></record></collection>